% This file was created with JabRef 2.10.
% Encoding: Cp1252


@Article{Agarwal_etal05,
  Title                    = {Generalization Bounds for the Area Under the {ROC} Curve},
  Author                   = {Agarwal, S. and Graepel, T. and Herbrich, R. and Har-Pelend, S. and Roth, D.},
  Journal                  = {Journal of Machine Learning Research},
  Year                     = {2005},
  Pages                    = {393--425},
  Volume                   = {6}
}

@InProceedings{Agrawal_et_al_2013,
  Title                    = {Multi-label learning with millions of labels: Recommending advertiser bid phrases for web pages},
  Author                   = {Agrawal, R. and Gupta, A. and Prabhu, Y. and Varma, M.},
  Booktitle                = {WWW},
  Year                     = {2013},
  Month                    = {May}
}

@InProceedings{AilonMohri08,
  Title                    = {An Efficient Reduction of Ranking to Classification},
  Author                   = {Ailon, N. and Mohri, M.},
  Booktitle                = {COLT},
  Year                     = {2008},
  Pages                    = {87-98}
}

@Misc{AsuncionNewman07,
  Title                    = {{UCI} {M}achine {L}earning {R}epository},

  Author                   = {Asuncion, A. and Newman, D.J.},
  Year                     = {2007},

  Bdsk-url-1               = {http://www.ics.uci.edu/~mlearn/MLRepository.html},
  Institution              = {University of California, Irvine, School of Information and Computer Sciences},
  Url                      = {http://www.ics.uci.edu/~mlearn/MLRepository.html}
}

@Article{Balcan_etal08,
  Title                    = {Robust reductions from ranking to classification},
  Author                   = {Balcan, M.-F. and Bansal, N. and Beygelzimer, A. and Coppersmith, D. and Langford, J. and Sorkin, G. B.},
  Journal                  = {Machine Learning},
  Year                     = {2008},
  Pages                    = {139--153},
  Volume                   = {82}
}

@Article{Bartlett_et_al_2006,
  Title                    = {Convexity, Classification and Risk Bounds},
  Author                   = {Bartlett, P. and Jordan, M. and McAuliffe, J.},
  Journal                  = {JASA},
  Year                     = {2006},
  Pages                    = {138-156},
  Volume                   = {101},

  Owner                    = {Willem},
  Timestamp                = {2012.07.27}
}

@Article{Bartlett_etal06,
  Title                    = {Convexity, classification, and risk bounds},
  Author                   = {Bartlett, P. L. and Jordan, M. I. and McAuliffe, J. D.},
  Journal                  = {Journal of the American Statistical Association},
  Year                     = {2006},
  Number                   = {473},
  Pages                    = {138--156},
  Volume                   = {101}
}

@InProceedings{Bottou_2010,
  Title                    = {Large-Scale Machine Learning with Stochastic Gradient Descent},
  Author                   = {Bottou, L.},
  Booktitle                = {COMPSTAT},
  Year                     = {2010},

  Address                  = {Paris, France},
  Editor                   = {Lechevallier, Yves and Saporta, Gilbert},
  Month                    = {August},
  Pages                    = {177-187},
  Publisher                = {Springer},

  Url                      = {http://leon.bottou.org/papers/bottou-2010}
}

@Article{Boutell_et_al_2004,
  Title                    = {Learning multi-label scene classification},
  Author                   = {Boutell, M.R. and Luo, J. and Shen, X. and Brown, C.M.},
  Journal                  = {Pattern Recognition},
  Year                     = {2004},
  Number                   = {9},
  Pages                    = {1757-1771},
  Volume                   = {37}
}

@Article{Breiman_Friedman_1997,
  Title                    = {Predicting Multivariate Responses in Multiple Linear Regression},
  Author                   = {Breiman, L. and Friedman, J.},
  Journal                  = {J. R. Stat. Soc., Ser. B},
  Year                     = {1997},
  Pages                    = {3-54},
  Volume                   = {69}
}

@InProceedings{Calauzenes_et_al_2012,
  Title                    = {On the (Non-)existence of Convex, Calibrated Surrogate Losses for Ranking},
  Author                   = {C. Calauz{\`e}nes and N. Usunier and P. Gallinari},
  Booktitle                = {NIPS},
  Year                     = {2012},

  Date-added               = {2012-11-15 22:32:30 +0000},
  Date-modified            = {2012-11-15 22:33:23 +0000}
}

@Article{Caruana_1997,
  Title                    = {Multitask learning: A knowledge-based source of inductive bias},
  Author                   = {Caruana, R.},
  Journal                  = {Machine Learning},
  Year                     = {1997},
  Pages                    = {41-75},
  Volume                   = {28}
}

@Article{Caruana_et_al_2004,
  Title                    = {{KDD}-{C}up 2004: {R}esults and analysis},
  Author                   = {Caruana, R. and Joachims, T. and Backstrom, L.},
  Journal                  = {SIGKDD Explor. Newsl.},
  Year                     = {2004},
  Pages                    = {95--108},
  Volume                   = {6},

  Issue                    = {2},
  Publisher                = {ACM}
}

@InProceedings{Cheng_et_al_2010a,
  Title                    = {Graded Multilabel Classification: The Ordinal Case},
  Author                   = {Cheng, W. and Dembczy{\'n}ski, K. and H{\"u}llermeier, E.},
  Booktitle                = {ICML},
  Year                     = {2010},
  Editor                   = {F{\"u}rnkranz, Johannes and Joachims, Thorsten},
  Pages                    = {223-230},
  Publisher                = {Omnipress},

  ISBN                     = {978-1-60558-907-7}
}

@InProceedings{Cheng_et_al_2010b,
  Title                    = {Label Ranking Methods based on the Plackett-Luce Model},
  Author                   = {Cheng, W. and Dembczy{\'n}ski, K. and H{\"u}llermeier, E.},
  Booktitle                = {ICML},
  Year                     = {2010},
  Editor                   = {F{\"u}rnkranz, Johannes and Joachims, Thorsten},
  Pages                    = {215-222},
  Publisher                = {Omnipress},

  ISBN                     = {978-1-60558-907-7}
}

@InProceedings{Cheng_etalICML10,
  Title                    = {Label Ranking Methods based on the Plackett-Luce Model},
  Author                   = {Weiwei Cheng and Krzysztof Dembczy{\'n}ski and Eyke H{\"u}llermeier},
  Booktitle                = {ICML},
  Year                     = {2010},
  Pages                    = {215-222}
}

@Article{Cheng_Hullermeier_2009,
  Title                    = {Combining instance-based learning and logistic regression for multilabel classification},
  Author                   = {Cheng, W. and H\"{u}llermeier, E.},
  Journal                  = {Machine Learning},
  Year                     = {2009},
  Number                   = {2-3},
  Pages                    = {211-225},
  Volume                   = {76}
}

@InProceedings{cheng09icml,
  Title                    = {Decision tree and instance-based learning for label ranking},
  Author                   = {Cheng, W. and H\"uhn, J. and H\"ullermeier, E.},
  Booktitle                = {ICML},
  Year                     = {2009},
  Pages                    = {161-168}
}

@Article{ClemenconLugosiVayatis06,
  Title                    = {Ranking and empirical minimization of {U}-statistics},
  Author                   = {Cl\'emen{\c c}on, S. and G\'abor, L. and Vayatis, N.},
  Journal                  = {Annals of Statistics},
  Year                     = {2008},
  Pages                    = {844--874},
  Volume                   = {36}
}

@Article{CohenSchapireSinger99,
  Title                    = {Learning to order things},
  Author                   = {Cohen, W. W. and Schapire, R. E. and Singer, Y.},
  Journal                  = {Journal of Artificial Intelligence Research},
  Year                     = {1999},
  Pages                    = {243--270},
  Volume                   = {10}
}

@InProceedings{CortesMohri03,
  Title                    = {{AUC} Optimization vs. Error Rate Minimization},
  Author                   = {Cortes, C. and Mohri, M.},
  Booktitle                = {NIPS},
  Year                     = {2003},
  Publisher                = {MIT Press}
}

@Article{Cossock_Zhang_2008,
  Title                    = {Statistical analysis of bayes optimal subset ranking},
  Author                   = {D. Cossock and T. Zhang},
  Journal                  = {IEEE Trans. Info. Theory},
  Year                     = {2008},
  Pages                    = {5140---5154},
  Volume                   = {54},

  Date-added               = {2012-11-15 22:19:26 +0000},
  Date-modified            = {2012-11-15 22:21:02 +0000}
}

@Book{CoverThomas1991,
  Title                    = {Elements of Information Theory},
  Author                   = {Thomas M. Cover and Joy A. Thomas},
  Publisher                = {John Wiley},
  Year                     = {1991}
}

@Article{Daume_et_al_2009,
  Title                    = {Search-based Structured Prediction},
  Author                   = {Daum{\'e}~III, H. and Langford, J. and Marcu, D.},
  Journal                  = {Machine Learning},
  Year                     = {2009},
  Pages                    = {297-325},
  Volume                   = {75}
}

@InProceedings{Dekel_et_al_2003,
  Title                    = {Log-Linear Models for Label Ranking},
  Author                   = {Dekel, O. and Manning, Ch. and Singer, Y.},
  Booktitle                = {NIPS},
  Year                     = {2004},
  Publisher                = {MIT Press}
}

@Article{delcoz_et_al_2009,
  Title                    = {Learning Nondeterministic Classifiers},
  Author                   = {Del~Coz, J. and Bahamonde, A.},
  Journal                  = {JMLR},
  Year                     = {2009},
  Pages                    = {2273-2293},
  Volume                   = {10},

  Publisher                = {JMLR.org}
}

@InProceedings{Dembczynski_et_al_2010,
  Title                    = {Bayes Optimal Multilabel Classification via Probabilistic Classifier Chains},
  Author                   = {K. Dembczy{\'n}ski and W. Cheng and E. H{\"u}llermeier},
  Booktitle                = {ICML},
  Year                     = {2010},
  Pages                    = {279-286}
}

@InProceedings{Dembczynski_et_al_2010c,
  Title                    = {Bayes Optimal Multilabel Classification via Probabilistic Classifier Chains},
  Author                   = {Dembczy{\'n}ski, K. and Cheng, W. and H\"ullermeier, E.},
  Booktitle                = {ICML},
  Year                     = {2010},
  Pages                    = {279-286},
  Publisher                = {Omnipress},

  Location                 = {Haifa, Israel}
}

@InProceedings{Dembczynski_et_al_2012,
  Title                    = {Consistent Multilabel Ranking through Univariate Losses},
  Author                   = {Dembczy{\'n}ski, K. and Kot{\l}owski, W. and H{\"u}llermeier, E.},
  Booktitle                = {International Conference on Machine Learning},
  Year                     = {2012},

  Date-added               = {2012-11-12 15:20:20 +0000},
  Date-modified            = {2012-11-12 21:54:47 +0000}
}

@Article{Dembczynski_et_al_2010a,
  Title                    = {{ENDER} - a statistical framework for boosting decision rules},
  Author                   = {Dembczy{\'n}ski, K. and Kot{\l}owski, W. and S{\l}owi{\'n}ski, R.},
  Journal                  = {Data Min. Knowl. Discov.},
  Year                     = {2010},
  Number                   = {1},
  Pages                    = {52-90},
  Volume                   = {21}
}

@InProceedings{Dembczynski_et_al_2008,
  Title                    = {Maximum likelihood rule ensembles},
  Author                   = {Dembczy{\'n}ski, K. and Kot{\l}owski, W. and S{\l}owi{\'n}ski, R.},
  Booktitle                = {ICML},
  Year                     = {2008},
  Pages                    = {224-231},
  Publisher                = {Omnipress},

  Location                 = {Helsinki, Finland}
}

@Article{Dembczynski_et_al_2012a,
  Title                    = {On Loss Minimization and Label Dependence in Multi-Label Classification},
  Author                   = {Dembczy{\'n}ski, K. and Waegeman, W. and Cheng, W. and H{\"u}llermeier, E.},
  Journal                  = {Machine Learning},
  Year                     = {2012},
  Pages                    = {5-45},
  Volume                   = {88}
}

@InProceedings{Dembczynski_etalNIPS11,
  Title                    = {An Exact Algorithm for {F}-Measure Maximization},
  Author                   = {Krzysztof Dembczy{\'n}ski and Willem Waegeman and Weiwei Cheng and Eyke H{\"u}llermeier},
  Booktitle                = {NIPS},
  Year                     = {2011}
}

@InProceedings{Dembczynski_etalECML10,
  Title                    = {Regret Analysis for Performance Metrics in Multi-Label Classification: The Case of Hamming and Subset Zero-One Loss},
  Author                   = {Krzysztof Dembczy{\'n}ski and Willem Waegeman and Weiwei Cheng and Eyke H{\"u}llermeier},
  Booktitle                = {ECML/PKDD},
  Year                     = {2010},
  Pages                    = {280-295}
}

@InProceedings{Dembczynski_et_al_2012c,
  Title                    = {An analysis of chaining in multi-label classification},
  Author                   = {Dembczy{\'n}ski, K. and Waegeman, W. and Cheng, W. and H\"ullermeier, E.},
  Booktitle                = {ECAI},
  Year                     = {2012}
}

@InProceedings{Dembczynski_et_al_2011,
  Title                    = {An exact algorithm for {F}-measure maximization},
  Author                   = {Dembczy{\'n}ski, K. and Waegeman, W. and Cheng, W. and H\"ullermeier, E.},
  Booktitle                = {NIPS},
  Year                     = {2011},
  Volume                   = {25}
}

@InProceedings{Dembczynski_et_al_2010d,
  Title                    = {Regret Analysis for Performance Metrics in Multi-Label Classication: The Case of Hamming and Subset Zero-One Loss},
  Author                   = {Dembczy{\'n}ski, K. and Waegeman, W. and Cheng, W. and H\"ullermeier, E.},
  Booktitle                = {ECML/PKDD},
  Year                     = {2010},
  Pages                    = {280-295},
  Publisher                = {Springer},

  Location                 = {Barcelona, Spain}
}

@InProceedings{Dembczynski_et_al_2010e,
  Title                    = {On Label Dependence in Multi-Label Classification},
  Author                   = {Dembczy{\'n}ski, K. and Waegeman, W. and Cheng, W. and H\"ullermeier, E.},
  Booktitle                = {MLD, in ICML/COLT},
  Year                     = {2010},

  Location                 = {Haifa, Israel}
}

@InProceedings{Dembczynski_et_al_2013,
  Title                    = {Optimizing the {F}-Measure in Multi-Label Classification: Plug-in Rule Approach versus Structured Loss Minimization},
  Author                   = {Dembczynski, K. and Jachnik, A. and Kotlowski, W. and Waegeman, W. and H{\"u}llermeier, E.},
  Booktitle                = {ICML},
  Year                     = {2013}
}

@InProceedings{Dembczynski_et_al_2012b,
  Title                    = {Consistent Multilabel Ranking through Univariate Losses},
  Author                   = {Dembczynski, K. and Kotlowski, W. and H{\"u}llermeier, E.},
  Booktitle                = {ICML},
  Year                     = {2012}
}

@InProceedings{domingos00,
  Title                    = {A Unified Bias-Variance Decomposition for Zero-One and Squared Loss},
  Author                   = {Pedro Domingos},
  Booktitle                = {AAAI},
  Year                     = {2000},
  Pages                    = {564-569}
}

@InProceedings{Doppa_et_al_2013,
  Title                    = {{HC}-Search: Learning Heuristics and Cost Functions for Structured Prediction },
  Author                   = {Doppa, J.R. and Fern, A. and Tadepalli, P.},
  Booktitle                = {AAAI},
  Year                     = {2013}
}

@InProceedings{Doppa_et_al_2012,
  Title                    = {Output Space Search for Structured Prediction},
  Author                   = {Doppa, J.R. and Fern, A. and Tadepalli, P.},
  Booktitle                = {ICML},
  Year                     = {2012}
}

@InProceedings{Duchi_etal10,
  Title                    = {On the Consistency of Ranking Algorithms},
  Author                   = {Duchi, J. and Mackey, L. and Jordan, M.},
  Booktitle                = {ICML},
  Year                     = {2010},
  Pages                    = {327--334}
}

@Article{Efron_Morris_1973,
  Title                    = {Stein's Estimation Rule and Its Competitors--An Empirical Bayes Approach},
  Author                   = {Efron, B. and Morris, C.},
  Journal                  = {Journal of the American Statistical Association},
  Year                     = {1973},
  Number                   = {341},
  Pages                    = {117–130},
  Volume                   = {68}
}

@InProceedings{ElisseeffWeston01,
  Title                    = {A kernel method for multi-labelled classification},
  Author                   = {A. Elisseeff and J. Weston},
  Booktitle                = {NIPS},
  Year                     = {2001},
  Pages                    = {681-687}
}

@InProceedings{Evgeniou_Pontil_2004,
  Title                    = {Regularized Multi-task learning},
  Author                   = {Evgeniou and Pontil},
  Booktitle                = {KDD 2004}
}

@InProceedings{Evgeniou_2004,
  Title                    = {Regularized multi-task learning},
  Author                   = {Evgeniou, T. and Pontil, M.},
  Booktitle                = {ACM SIGKDD},
  Year                     = {2004},
  Pages                    = {109-117},

  Location                 = {Seattle, WA, USA}
}

@TechReport{fan07,
  Title                    = {A Study on Threshold Selection for Multi-Label Classification},
  Author                   = {Fan, R.-E. and Lin, C.-J.},
  Institution              = {Department of Computer Science, National Taiwan University},
  Year                     = {2007}
}

@InProceedings{Finley_Joachims_2008,
  Title                    = {Training Structural {SVM}s when Exact Inference is Intractable},
  Author                   = {Finley, Thomas and Joachims, Thorsten},
  Booktitle                = {ICML},
  Year                     = {2008},
  Publisher                = {Omnipress},

  Location                 = {Haifa, Israel}
}

@Article{Freund_etal03,
  Title                    = {An efficient boosting algorithm for combining preferences},
  Author                   = {Freund, Y. and Iyer, R. and Schapire, R. E. and Singer, Y.},
  Journal                  = {Journal of Machine Learning Research},
  Year                     = {2003},
  Pages                    = {933-969},
  Volume                   = {4}
}

@Article{FreundSchapire97,
  Title                    = {A decision-theoretic generalization of on-line learning and an application to boosting},
  Author                   = {Freund, Y. and Schapire, Robert E.},
  Journal                  = {Journal of Computer and System Sciences},
  Year                     = {1997},
  Number                   = {1},
  Pages                    = {119--139},
  Volume                   = {55}
}

@InProceedings{GaoZhouCOLT11,
  Title                    = {On the Consistency of Multi-Label Learning},
  Author                   = {W. Gao and Zhou, Z.},
  Booktitle                = {COLT},
  Year                     = {2011},
  Pages                    = {341-358}
}

@Article{Gao_Zhou_2013,
  Title                    = {On the consistency of multi-label learning},
  Author                   = {Gao, W. and Zhou, Z.-H.},
  Journal                  = {Artificial Intelligence},
  Year                     = {2013},
  Pages                    = {22-44},
  Volume                   = {199-200}
}

@Article{Gao_Zhou_2011,
  Title                    = {On the Consistency of Multi-Label Learning},
  Author                   = {Gao, W. and Zhou, Z.-H.},
  Journal                  = {Journal of Machine Learning Research - Proceedings Track},
  Year                     = {2011},
  Pages                    = {341-358},
  Volume                   = {19}
}

@Book{Getoor_Taskar_2007,
  Title                    = {Introduction to statistical relational learning},
  Author                   = {Getoor, L. and Taskar, B.},
  Publisher                = {MIT Press},
  Year                     = {2007},
  Series                   = {Adaptive computation and machine learning}
}

@InProceedings{Ghamrawi_McCallum_2005,
  Title                    = {Collective multi-label classification},
  Author                   = {Ghamrawi, N. and McCallum, A.},
  Booktitle                = {CIKM},
  Year                     = {2005},
  Pages                    = {195-200},

  Location                 = {Bremen, Germany}
}

@InProceedings{Gimpel_Smith_2010,
  Title                    = {Softmax-margin crfs: Training log-linear models
with cost functions},
  Author                   = {K. Gimpel and N. Smith},
  Booktitle                = {HLT},
  Year                     = {2010},
  Pages                    = {733–736}
}

@Article{Goldberg_et_al_1992,
  Title                    = {Using collaborative filtering to weave and information tapestry},
  Author                   = {D. Goldberg and D. Nichols and B.M. Oki and D. Terry},
  Journal                  = {Communications of the ACM},
  Year                     = {1992},
  Number                   = {12},
  Pages                    = {61-–70},
  Volume                   = {35}
}

@Article{Hullermeier_et_al_2008,
  Title                    = {Label ranking by learning pairwise preferences},
  Author                   = {E. H{\"u}llermeier and J. F{\"u}rnkranz and W. Cheng and K. Brinker},
  Journal                  = {Artificial Intelligence},
  Year                     = {2008},
  Pages                    = {1897-–1916},
  Volume                   = {172}
}

@InProceedings{Hariharan_et_al_2010,
  Title                    = {Large Scale Max-Margin Multi-Label Classification with Priors},
  Author                   = {Hariharan, B. and Zelnik-Manor, L. and Vishwanathan, S.V.N. and Varma, M.},
  Booktitle                = {ICML},
  Year                     = {2010},
  Publisher                = {Omnipress},

  Location                 = {Haifa, Israel}
}

@Book{Hastie_et_al_2003,
  Title                    = {Elements of Statistical Learning: Data Mining, Inference, and Prediction},
  Author                   = {Hastie, T. and Tibshirani, R. and Friedman, J.H.},
  Publisher                = {Springer},
  Year                     = {2003}
}

@Book{FriedmanHastieTibshirani03,
  Title                    = {Elements of Statistical Learning: Data Mining, Inference, and Prediction},
  Author                   = {Hastie, T. and Tibshirani, R. and Friedman, J. H.},
  Publisher                = {Springer},
  Year                     = {2003}
}

@TechReport{HerbrichGraepelObermayer99,
  Title                    = {Regression models for ordinal data: A machine learning approach},
  Author                   = {Herbrich, R. and Graepel, T. and Obermayer, K.},
  Institution              = {Technical University of Berlin},
  Year                     = {1999},
  Number                   = {TR-99/03},
  Type                     = {Technical report}
}

@InProceedings{Hsu_et_al_2009,
  Title                    = {Multi-Label Prediction via Compressed Sensing},
  Author                   = {Hsu, D. and Kakade, S. and Langford, J. and Zhang, T.},
  Booktitle                = {NIPS},
  Year                     = {2009}
}

@Book{Izenman_2008,
  Title                    = {Modern Multivariate Statistical Techniques: Regression, Classification, and Manifold Learning},
  Author                   = {Izenman, A.},
  Publisher                = {Springer},
  Year                     = {2008},

  Owner                    = {Willem Waegeman},
  Timestamp                = {2010.04.16}
}

@Article{Izenman_1975,
  Title                    = {Reduced-Rank Regression for the Multivariate Linear Model},
  Author                   = {Izenman, A.},
  Journal                  = {J. Multivar. Anal.},
  Year                     = {1975},
  Pages                    = {248-262},
  Volume                   = {5},

  Timestamp                = {2010.05.18}
}

@Article{jaccard_1902,
  Title                    = {{\'E}tude comparative de la distribution florale dans une portion des Alpes et des Jura},
  Author                   = {Jaccard, P.},
  Journal                  = {Bull. Soc. vaud. sci. nat.},
  Year                     = {1901},
  Pages                    = {547-579},
  Volume                   = {37}
}

@InProceedings{James_Stein_1961,
  Title                    = {Estimation with quadratic loss},
  Author                   = {James, W. and Stein, C.},
  Booktitle                = {Proc. Fourth Berkeley Symp. Math. Statist. Prob. 1},
  Year                     = {1961},
  Pages                    = {361-–379}
}

@InProceedings{jansche07,
  Title                    = {A Maximum Expected Utility Framework for Binary Sequence Labeling},
  Author                   = {Jansche, M.},
  Booktitle                = {ACL},
  Year                     = {2007},
  Pages                    = {736-743}
}

@InProceedings{Joachims06,
  Title                    = {Training Linear {SVMs} in Linear Time},
  Author                   = {Joachims, T.},
  Booktitle                = {ACM SIGKDD},
  Year                     = {2006},
  Pages                    = {217--226}
}

@InProceedings{Joachims05,
  Title                    = {A support vector method for multivariate performance measures},
  Author                   = {Joachims, T.},
  Booktitle                = {ICML 2005},
  Year                     = {2005},
  Pages                    = {377--384}
}

@Book{Joe_2000,
  Title                    = {Multivariate models and dependence concepts},
  Author                   = {Joe, H.},
  Publisher                = {Chapman \& Hall},
  Year                     = {2000}
}

@PhdThesis{Kassel_1995,
  Title                    = {A comparison of approaches to on-line handwritten character recognition},
  Author                   = {Kassel, R.},
  School                   = {Massachusetts Institute of Technology},
  Year                     = {1995}
}

@Article{Kolb_Irwin_2009,
  Title                    = {Docking Screens: Right for the Right Reasons?},
  Author                   = {Kolb, Peter and Irwin, John J.},
  Journal                  = {Current Topics in Medical Chemistry},
  Year                     = {2009},
  Pages                    = {755-770},
  Volume                   = {9}
}

@Article{Kolb_et_al_2008,
  Title                    = {Structure-based tailoring of compound libraries for high-throughput screening: Discovery of novel EphB4 inhibitors},
  Author                   = {Kolb, Peter and Kipouros, Berset and Huang, D. and Caflisch, A.},
  Journal                  = {Proteins},
  Year                     = {2008},
  Pages                    = {11-18},
  Volume                   = {73}
}

@Article{Kolb_et_al_2009,
  Title                    = {Structure-based discovery of $\beta_2$-adrenergic receptor ligands},
  Author                   = {Kolb, Peter and Rosenbaum, Daniel M. and Irwin, John J. and Fung, Juan Jose and Kobilka, Brian K. and Shoichet, Brian K.},
  Journal                  = {Proc. Natl. Acad. Sci. USA},
  Year                     = {2009},
  Pages                    = {6843-6848},
  Volume                   = {106}
}

@InProceedings{Kotlowski_et_al_2011,
  Title                    = {Bipartite Ranking through Minimization of Univariate Loss},
  Author                   = {W. Kot{\l}owski and K. Dembczy{\'n}ski and E. H{\"u}llermeier},
  Booktitle                = {International Conference on Machine Learning},
  Year                     = {2011},
  Pages                    = {1113-1120},

  Date-modified            = {2012-11-12 21:55:11 +0000}
}

@InProceedings{Kumar_et_al_2013,
  Title                    = {Beam search algorithms for multilabel learning},
  Author                   = {Kumar, A. and Vembu, S. and Menon, A.K. and Elkan, C.},
  Booktitle                = {Machine Learning},
  Year                     = {2013}
}

@InProceedings{Lafferty_et_al_2001,
  Title                    = {Conditional Random Fields: Probabilistic Models for Segmenting
 and Labeling Sequence Data},
  Author                   = {John D. Lafferty and
 Andrew McCallum and
 Fernando C. N. Pereira},
  Booktitle                = {ICML},
  Year                     = {2001},
  Pages                    = {282-289}
}

@Misc{Langford_et_al_2007,
  Title                    = {Vowpal Wabbit},

  Author                   = {Langford, J. and Strehl, A. and Li, L.},
  Note                     = {\url{http://mloss.org/software/view/53/}},
  Year                     = {2007}
}

@Article{lee06,
  Title                    = {On Classification and Regression Trees for Multiple Responses and Its Application},
  Author                   = {Lee, S.K.},
  Journal                  = {Journal of Classification},
  Year                     = {2006},
  Pages                    = {123-141},
  Volume                   = {23}
}

@InProceedings{lewis95,
  Title                    = {Evaluating and Optimizing Autonomous Text Classification Systems},
  Author                   = {David Lewis},
  Booktitle                = {SIGIR},
  Year                     = {1995},
  Pages                    = {246-254}
}

@Book{MacKay_2003,
  Title                    = {Information Theory, Inference, and Learning Algorithms},
  Author                   = {MacKay, D.},
  Publisher                = {Cambridge University Press},
  Year                     = {2003}
}

@InBook{McAllester_2007,
  Title                    = {Generalization Bounds and Consistency for Structured Labeling in Predicting Structured Data},
  Author                   = {McAllester, D.},
  Publisher                = {MIT Press},
  Year                     = {2007},

  Booktitle                = {Predicting Structured Data}
}

@InProceedings{McAllester_2011,
  Title                    = {Generalization Bounds and Consistency for Latent Structural Probit and Ramp Loss},
  Author                   = {McAllester, D. and Keshet, J.},
  Booktitle                = {NIPS},
  Year                     = {2011},
  Pages                    = {2205-2212}
}

@Article{Menon_Elkan_2010,
  Title                    = {Predicting labels for dyadic data},
  Author                   = {A.K. Menon and C. Elkan},
  Journal                  = {Data Mining and Knowledge Discovery},
  Year                     = {2010},
  Number                   = {2},
  Volume                   = {21}
}

@Article{Merwe_Zidek_1980,
  Title                    = {Multivariate regression analysis and canonical variates},
  Author                   = {an der Merwe, A. and Zidek, J.V.},
  Journal                  = {Canadian Journal of Statistics},
  Year                     = {1980},
  Pages                    = {27-39},
  Volume                   = {8}
}

@Book{Nelsen_2006,
  Title                    = {An Introduction to Copulas, Second Edition},
  Author                   = {Nelsen, R.},
  Publisher                = {Springer},
  Year                     = {2006},

  Owner                    = {Willem Waegeman},
  Timestamp                = {2010.04.16}
}

@Article{Chapelle_Chang_2011,
  Title                    = {Yahoo! learning to rank challenge overview.},
  Author                   = {O.Chapellea and Y.Chang},
  Journal                  = {J.of Mach. Learn. Res.},
  Year                     = {2011},
  Pages                    = {1--24},
  Volume                   = {14},

  Date-added               = {2012-11-15 22:55:43 +0000},
  Date-modified            = {2012-11-15 22:57:43 +0000}
}

@InProceedings{Pahikkala_et_al,
  Title                    = {Conditional Ranking on Relational Data},
  Author                   = {T. Pahikkala and W. Waegeman and A. Airola and T. Salakoski and B. De Baets},
  Booktitle                = {ECML/PKDD},
  Year                     = {2010},
  Publisher                = {Springer},

  Location                 = {Barcelona, Spain}
}

@InProceedings{Pestian_et_al_2007,
  Title                    = {A shared task involving multi-label classification of clinical free text},
  Author                   = {Pestian, J.P. and Brew, C. and Matykiewicz, P. and Hovermale, D. J. and Johnson, N. and Cohen, K.B. and Duch, W.},
  Booktitle                = {BioNLP},
  Year                     = {2007},
  Pages                    = {97-104},
  Publisher                = {Association for Computational Linguistics},

  Location                 = {Prague, Czech Republic}
}

@InProceedings{Petterson_Caetano_2011,
  Title                    = {Submodular Multi-Label Learning},
  Author                   = {J. Petterson and T. S. Caetano},
  Booktitle                = {NIPS},
  Year                     = {2011},
  Pages                    = {1512-1520}
}

@InProceedings{Petterson_Caetano_2010,
  Title                    = {Reverse Multi-Label Learning},
  Author                   = {J. Petterson and T. S. Caetano},
  Booktitle                = {NIPS},
  Year                     = {2010},
  Pages                    = {1912-1920}
}

@InProceedings{Platt_1999,
  Title                    = {Probabilistic Outputs for Support Vector Machines and Comparisons to Regularized Likelihood Methods},
  Author                   = {Platt, J.C.},
  Booktitle                = {Advances in Large Margin Classifiers},
  Year                     = {1999},
  Pages                    = {61-74},
  Publisher                = {MIT Press}
}

@InProceedings{Pletscher_et_al_2010,
  Title                    = {Entropy and Margin Maximization for Structured Output Learning},
  Author                   = {Pletscher, P. and Ong, C.S. and
 Buhmann, J.M.},
  Booktitle                = {ECML/PKDD},
  Year                     = {2010},
  Publisher                = {Springer},

  Location                 = {Barcelona, Spain}
}

@Book{Quinlan_1993,
  Title                    = {C4.5: Programs for Machine Learning},
  Author                   = {Quinlan, J.R.},
  Publisher                = {Morgan Kaufmann},
  Year                     = {1993}
}

@Article{Read_et_al_2011,
  Title                    = {Classifier Chains for Multi-label Classification},
  Author                   = {Read, J. and Pfahringer, B. and Holmes, G. and Frank, E.},
  Journal                  = {Machine Learning Journal},
  Year                     = {2011},
  Pages                    = {333-359},
  Volume                   = {85}
}

@InProceedings{Read_et_al_2009,
  Title                    = {Classifier Chains for Multi-label Classification},
  Author                   = {Read, J. and Pfahringer, B. and Holmes, G. and Frank, E.},
  Booktitle                = {ECML/PKDD},
  Year                     = {2009},
  Pages                    = {254-269}
}

@Article{rijsbergen74,
  Title                    = {Foundation of Evaluation},
  Author                   = {van Rijsbergen, C. J.},
  Journal                  = {Journal of Documentation},
  Year                     = {1974},
  Number                   = {4},
  Pages                    = {365-373},
  Volume                   = {30}
}

@InProceedings{Rudin_etal05,
  Title                    = {Margin-Based Ranking Meets Boosting in the Middle},
  Author                   = {Rudin, C. and Cortes, C. and Mohri, M. and Schapire, R. E.},
  Booktitle                = {COLT},
  Year                     = {2005},
  Pages                    = {63-78}
}

@Article{Schapire_Singer_2000,
  Title                    = {{BoosTexter: A Boosting-based System for Text Categorization}},
  Author                   = {Schapire, R. E. and Singer, Y.},
  Journal                  = {Machine Learning},
  Year                     = {2000},
  Number                   = {2/3},
  Pages                    = {135--168},
  Volume                   = {39}
}

@Article{segal92,
  Title                    = {Tree-Structured Methods for Longitudinal Data},
  Author                   = {Segal, M.R.},
  Journal                  = {JASA},
  Year                     = {1992},
  Number                   = {418},
  Pages                    = {407-418},
  Volume                   = {87},

  Owner                    = {cheng}
}

@Article{segal11,
  Title                    = {Multivariate Random Forests},
  Author                   = {Segal, M.R. and Xiao, Y.},
  Journal                  = {Wiley Interdiscip. Rev. Data Min. Knowl. Discov.},
  Year                     = {2011},
  Number                   = {1},
  Pages                    = {80-87},
  Volume                   = {1}
}

@InProceedings{Shi_et_al_2009,
  Title                    = {Hybrid model of conditional random field
and support vector machine},
  Author                   = {Q. Shi and M. Reid and T. Caetano},
  Booktitle                = {Workshop at NIPS},
  Year                     = {2009}
}

@Article{Soichet_2004,
  Title                    = {Virtual screening of chemical libraries},
  Author                   = {Shoichet, B. K.},
  Journal                  = {Nature},
  Year                     = {2004},
  Pages                    = {862-865},
  Volume                   = {432}
}

@TechReport{Sklar_1959,
  Title                    = {Functions de r{\'e}partitions {\`a} n dimensions et leurs marges},
  Author                   = {Sklar, A.},
  Institution              = {Public Institute of Statistics of the University of Paris 8},
  Year                     = {1959},

  Owner                    = {Willem Waegeman},
  Timestamp                = {2010.04.16}
}

@Book{Song_2007,
  Title                    = {Correlated Data Analysis: Modeling Analytics and applications},
  Author                   = {Song, P.},
  Publisher                = {Springer},
  Year                     = {2007},

  Owner                    = {Willem Waegeman},
  Timestamp                = {2010.04.16}
}

@InProceedings{Steck07,
  Title                    = {Hinge Rank Loss and the Area Under the {ROC} Curve},
  Author                   = {Steck, H.},
  Booktitle                = {ECML},
  Year                     = {2007},
  Pages                    = {347-358},
  Publisher                = {Springer-Verlag},
  Series                   = {Lecture Notes in Computer Science}
}

@InProceedings{suzuki06,
  Title                    = {Training Conditional Random Fields with Multivariate Evaluation Measures},
  Author                   = {Suzuki, J. and McDermott, E. and Isozaki, H.},
  Booktitle                = {ACL},
  Year                     = {2006},
  Pages                    = {217-224},

  Owner                    = {cheng}
}

@Article{tague92,
  Title                    = {The Pragmatics of Information Retrieval Experimentation, Revisited},
  Author                   = {Jean Tague-Sutcliffe},
  Journal                  = {Information Processing \& Management (Pergamon Press)},
  Year                     = {1992},
  Number                   = {4},
  Pages                    = {467-490},
  Volume                   = {28}
}

@InProceedings{Tai_and_Lin_2012,
  Title                    = {Multi-label Classification with Principal Label Space Transformation},
  Author                   = {Tai, F. and Lin, H.-T.},
  Booktitle                = {Neural Computat.},
  Year                     = {2012},
  Pages                    = {2508-2542},
  Volume                   = {9}
}

@InProceedings{Tai_Lin_2010,
  Title                    = {Multi-label Classification with Principle Label Space Transformation},
  Author                   = {Tai, F. and Lin, H.-T.},
  Booktitle                = {MLD in ICML/COLT},
  Year                     = {2010},

  Location                 = {Haifa, Israel}
}

@InProceedings{Taskar_et_al_2004,
  Title                    = {Max-Margin Markov Networks},
  Author                   = {Taskar, B. and Guestrin, C. and Koller, D.},
  Booktitle                = {NIPS},
  Year                     = {2004},
  Publisher                = {MIT Press}
}

@Article{Tewari_Bartlett_2007,
  Title                    = {On the consistency of multiclass classification methods},
  Author                   = {Tewari, A. and Bartlett, P.L.},
  Journal                  = {JMLR},
  Year                     = {2007},
  Pages                    = {1007-1025},
  Volume                   = {8}
}

@Article{Tsochantaridis_et_al_2005,
  Title                    = {Large Margin Methods for Structured and Interdependent Output Variables},
  Author                   = {Tsochantaridis, Y. and Joachims, T. and Hofmann, T. and Altun, Y.},
  Journal                  = {JMLR},
  Year                     = {2005},
  Pages                    = {1453-1484},
  Volume                   = {6}
}

@Article{Tsoumakas_and_Katalos_2007,
  Title                    = {Multi Label Classification: An Overview},
  Author                   = {Tsoumakas, G. and Katakis, I.},
  Journal                  = {IJDWM},
  Year                     = {2007},
  Number                   = {3},
  Pages                    = {1-13},
  Volume                   = {3},

  Publisher                = {Idea Group Publishing}
}

@InProceedings{Tsoumakas_et_al_2010,
  Title                    = {Mining Multi-label Data},
  Author                   = {Tsoumakas, G. and Katakis, I. and Vlahavas, I.},
  Booktitle                = {Data Mining and Knowledge Discovery Handbook},
  Year                     = {2010},
  Editor                   = {O. Maimon and L. Rokach},
  Publisher                = {Springer},

  Edition                  = {2nd edition}
}

@Article{mulan,
  Title                    = {Mulan: A Java Library for Multi-Label Learning},
  Author                   = {Grigorios Tsoumakas and Eleftherios Spyromitros-Xioufis and Jozef Vilcek and Ioannis Vlahavas},
  Journal                  = {JMLR},
  Year                     = {2011},
  Pages                    = {2411-2414},
  Volume                   = {12}
}

@InProceedings{Tsoumakas_and_Vlahavas_2007,
  Title                    = {Random k-Labelsets: An Ensemble Method for Multilabel Classification},
  Author                   = {Tsoumakas, G. and Vlahavas, I.},
  Booktitle                = {ECML},
  Year                     = {2007},
  Pages                    = {406-417},

  Location                 = {Warsaw, Poland}
}

@Article{Waegeman2014,
  Title                    = {On the {B}ayes optimality of {F}-measure maximizers},
  Author                   = {W. Waegeman and K. Dembczynszkii and A Jachnik and W. Cheng and E. H\"ullermeier},
  Journal                  = {submitted to JMLR, available on Arxiv},

  Owner                    = {Willem},
  Timestamp                = {2014.05.22}
}

@Conference{Weinberger_et_al_2009,
  Title                    = {{Feature hashing for large scale multitask learning}},
  Author                   = {Weinberger, K.Q. and Dasgupta, A. and Langford, J. and Smola, A. and Attenberg, J.},
  Booktitle                = {ICML},
  Year                     = {2009},
  Organization             = {ACM},
  Pages                    = {1113-1120},

  ISSN                     = {1532-4435}
}

@InProceedings{Weston_et_al_2002,
  Title                    = {Kernel Dependency Estimation},
  Author                   = {Weston, J. and Chapelle, O. and Elisseeff, A. and Schoelkopf, B. and Vapnik, V.},
  Booktitle                = {NIPS},
  Year                     = {2002},

  Owner                    = {Willem Waegeman},
  Timestamp                = {2010.05.18}
}

@InProceedings{Weston_et_al_2013,
  Title                    = {Label Partitioning for Sublinear Ranking},
  Author                   = {Weston, J. and Makadia, A. and Yee, H.},
  Booktitle                = {ICML},
  Year                     = {2013}
}

@Book{Witten_Frank_2005,
  Title                    = {Data Mining: Practical machine learning tools and techniques, 2nd Edition},
  Author                   = {Witten, I.H. and Frank, E.},
  Publisher                = {Morgan Kaufmann, San Francisco},
  Year                     = {2005}
}

@Article{Wolpert_1992,
  Title                    = {Stacked Generalization},
  Author                   = {D. Wolpert},
  Journal                  = {Machine Learning},
  Year                     = {1992}
}

@InProceedings{yang01,
  Title                    = {A Study of Thresholding Strategies for Text Categorization},
  Author                   = {Yiming Yang},
  Booktitle                = {SIGIR},
  Year                     = {2001},
  Number                   = {9},
  Pages                    = {137-145}
}

@InProceedings{Ye_et_al_2012,
  Title                    = {Optimizing {F}-measures: a tale of two approaches},
  Author                   = {N. Ye and K. Chai and W. Lee and H. Chieu},
  Booktitle                = {ICML},
  Year                     = {2012},

  Owner                    = {Willem},
  Timestamp                = {2012.07.26}
}

@Article{Yu_et_al_2006,
  Title                    = {Multi-Output Regularized Feature Projection},
  Author                   = {Yu, S. and Yu, K. and Tresp, V. and Kriegel, H.-P.},
  Journal                  = {IEEE Trans. on Knowl. and Data Eng.},
  Year                     = {2006},
  Number                   = {12},
  Pages                    = {1600-1613},
  Volume                   = {18}
}

@Article{zhang98,
  Title                    = {Classification Trees for Multiple Binary Responses},
  Author                   = {Zhang, H.},
  Journal                  = {JASA},
  Year                     = {1998},
  Number                   = {441},
  Pages                    = {180-193},
  Volume                   = {93}
}

@InProceedings{Zhang_Zhang_2010,
  Title                    = {Multi-label learning by exploiting label dependency},
  Author                   = {Zhang, M.-L. and Zhang, K.},
  Booktitle                = {ACM SIGKDD},
  Year                     = {2010},
  Pages                    = {999-1008},
  Publisher                = {ACM},

  Location                 = {Washington, DC, USA}
}

@Article{zhang07,
  Title                    = {{ML-kNN}: A Lazy Learning Approach to Multi-Label Learning},
  Author                   = {Min-Ling Zhang and Zhi-Hua Zhou},
  Journal                  = {Pattern Recognition},
  Year                     = {2007},
  Number                   = {7},
  Pages                    = {2038-2048},
  Volume                   = {40}
}

@InProceedings{zhang10,
  Title                    = {Bayesian Online Learning for Multi-Label and Multi-Variate Performance Measures},
  Author                   = {Zhang, X. and Graepel, T. and Herbrich, R.},
  Booktitle                = {AISTATS},
  Year                     = {2010},
  Pages                    = {956-963}
}

@Book{Bakir_et_al_2007,
  Title                    = {{Predicting Structured Data}},
  Editor                   = {Bakir, G.H. and Hofmann, T. and Sch\"{o}lkopf, B. and Smola, A.J. and Taskar, B. and Vishwanathan, S. V. N.},
  Publisher                = {The MIT Press},
  Year                     = {2007},
  Month                    = sep,
  Series                   = {Neural Information Processing},

  HowPublished             = {Hardcover},
  ISBN                     = {0262026171},
  Keywords                 = {machine\_learning},
  Posted-at                = {2008-09-11 15:03:17},
  Priority                 = {2}
}

@Book{Jordan_1998,
  Title                    = {Learning in graphical models},
  Editor                   = {Jordan, M.I.},
  Publisher                = {Kluwer Academic Publishers},
  Year                     = {1998}
}

